@misc{hpl_params_intel,
  AUTHOR     = {{Intel}},
  TITLE      = {{Configuring Parameters}},
  DAY        = {{9}},
  MONTH     = {{December}},
  YEAR       = {2019},
  URL        = {https://www.blueopen.org/about}
}

@misc{openblas,
	AUTHOR     = {{Zhang Xianyi, Martin Kroeker}},
	TITLE      = {{OpenBLAS}},
	DAY        = {{25}},
	MONTH     = {{7}},
	YEAR       = {2021},
	URL        = {http://www.openblas.net/}
}
@misc{blas,
AUTHOR     = {{Netlib}},
TITLE      = {{BLAS (Basic Linear Algebra Subprograms)}},
DAY        = {{29}},
MONTH     = {{6}},
YEAR       = {2021},
URL        = {https://www.netlib.org/blas/}
}
@misc{mpi,
AUTHOR     = {{Message Passing Interface Forum}},
TITLE      = {{MPI: A Message-Passing Interface Standard Version 4.0}},
DAY        = {{9}},
MONTH     = {{6}},
YEAR       = {2021},
URL        = {https://www.mpi-forum.org/docs/mpi-4.0/mpi40-report.pdf}
}
@misc{openmpi,
TITLE      = {{Open MPI: Open Source High Performance Computing}},
DAY        = {{15}},
MONTH     = {{6}},
YEAR       = {2021},
URL        = {https://www.open-mpi.org/}
}
@misc{mvapich2,
TITLE      = {{MVAPICH2: MPI over InfiniBand, Omni-Path, Ethernet/iWARP, and RoCE}},
YEAR       = {2021},
URL        = {https://mvapich.cse.ohio-state.edu/}
}
@misc{impi,
TITLE      = {{Intel® MPI Library}},
YEAR       = {2021},
URL        = {https://software.intel.com/content/www/us/en/develop/tools/oneapi/components/mpi-library.html#gs.7ipg9i}
}
@misc{impi-opt,
AUTHOR     = {Intel Corporation},
TITLE      = {{Tuning the Intel® MPI Library: Basic Techniques}},
YEAR       = {2021},
URL        = {https://software.intel.com/content/www/us/en/develop/articles/tuning-the-intel-mpi-library-basic-techniques.html}
}
@misc{intel-oneapi,
AUTHOR     = {Intel Corporation},
TITLE      = {{Intel® oneAPI: A Unified X-Architecture Programming Model}},
YEAR       = {2021},
URL        = {https://software.intel.com/content/www/us/en/develop/tools/oneapi.html}
}
@misc{intel-mpi,
AUTHOR     = {Intel Corporation},
TITLE      = {Intel® MPI Library},
YEAR       = {2021},
URL        = {https://software.intel.com/content/www/us/en/develop/tools/oneapi/components/mpi-library.html#gs.7ybra6}
}
@misc{intel-compiler,
AUTHOR     = {Intel Corporation},
TITLE      = {Intel® oneAPI DPC++/C++ Compiler},
YEAR       = {2021},
URL        = {https://software.intel.com/content/www/us/en/develop/tools/oneapi/components/dpc-compiler.html#gs.7yft4w}
}
@misc{mellanox-opt,
AUTHOR     = {Mellanox Technologies},
TITLE      = {{Performance Tuning for Mellanox Adapters}},
YEAR       = {2019},
URL        = {https://community.mellanox.com/s/article/performance-tuning-for-mellanox-adapters}
}
@misc{mkl,
TITLE      = {{Intel® oneAPI Math Kernel Library}},
AUTHOR     = {Intel Corporation},
YEAR       = {2021},
URL        = {https://software.intel.com/content/www/us/en/develop/tools/oneapi/components/onemkl.html#gs.7inc96}
}
@misc{mpich,
TITLE      = {{MPICH}},
DAY        = {{25}},
MONTH     = {{7}},
YEAR       = {2021},
URL        = {https://www.mpich.org/}
}
@misc{centos,
TITLE      = {{CENTOS}},
DAY        = {{25}},
MONTH     = {{7}},
YEAR       = {2021},
URL        = {https://www.centos.org/}
}
@misc{intel-xhost,
AUTHOR     = {{© Intel Corporation}},
TITLE      = {{Intel Developer Guide and Reference, Code Generation Options, xHost}},
DAY        = {{27}},
MONTH     = {{7}},
YEAR       = {2021},
URL        = {https://software.intel.com/content/www/us/en/develop/documentation/cpp-compiler-developer-guide-and-reference/top/compiler-reference/compiler-options/compiler-option-details/code-generation-options/xhost-qxhost.html}
}
@misc{intel-avx,
AUTHOR     = {{© Intel Corporation}},
TITLE      = {{Tecnología de las extensiones del conjunto de instrucciones Intel®}},
DAY        = {{02}},
MONTH     = {{11}},
YEAR       = {2020},
URL        = {https://www.intel.la/content/www/xl/es/support/articles/000005779/processors.html}
}
@misc{wikichip-flops,
AUTHOR     = {{Wiki Chip}},
TITLE      = {{Floating-Point Operations Per Second (FLOPS)}},
DAY        = {{26}},
MONTH     = {{4}},
YEAR       = {2021},
URL        = {https://en.wikichip.org/wiki/flops}
}
@misc{netlib-hpl-faq,
AUTHOR     = {{Netlib}},
TITLE      = {{Frequently Asked Questions on the Linpack Benchmark and Top500}},
DAY        = {{5}},
MONTH     = {{8}},
YEAR       = {2007},
URL        = {https://www.netlib.org/utk/people/JackDongarra/faq-linpack.html#_For_HPL_what_block%20size%20NB%20should%20I}
}
@misc{ucx,
AUTHOR     = {{UCF Consortium}},
TITLE      = {{Unified Communication X}},
DAY        = {{27}},
MONTH     = {{7}},
YEAR       = {2021},
URL        = {https://www.openucx.org/}
}
@misc{numa1,
AUTHOR     = {{Intel Corporation}},
TITLE      = {{Optimizing Applications for NUMA}},
DAY        = {{11}},
MONTH     = {{2}},
YEAR       = {2011},
URL        = {https://software.intel.com/content/www/us/en/develop/articles/optimizing-applications-for-numa.html}
}
@misc{binding1,
AUTHOR     = {{SchedMD}},
TITLE      = {{Resource Binding}},
DAY        = {{24}},
MONTH     = {{6}},
YEAR       = {2020},
URL        = {https://slurm.schedmd.com/resource_binding.html}
}
@misc{slurm20-11-8,
AUTHOR     = {{SchedMD}},
TITLE      = {{Slurm Workload Manager}},
DAY        = {{8}},
MONTH     = {{8}},
YEAR       = {2021},
URL        = {https://slurm.schedmd.com/overview.html}
}



@misc{tutorial-qperf,
AUTHOR     = {{NVIDIA Networking (Mellanox)}},
TITLE      = {{What is qperf?}},
DAY        = {{7}},
MONTH     = {{4}},
YEAR       = {2019},
URL        = {https://community.mellanox.com/s/article/what-is-qperf-x}
}
@misc{openmpi-binding,
AUTHOR     = {{Software in the Public Interest }},
TITLE      = {{FAQ: General run-time tuning}},
DAY        = {{20}},
MONTH     = {{5}},
YEAR       = {2019},
URL        = {https://www.open-mpi.org/faq/?category=tuning#paffinity-defs}
}
@misc{mvapich2-binding,
AUTHOR     = {{THE CENTER FOR HIGH PERFORMANCE COMPUTING}},
TITLE      = {{Message Passing Interface}},
URL        = {https://www.chpc.utah.edu/documentation/software/mpilibraries.php}
}
@misc{mpich-binding,
TITLE      = {{Using the Hydra Process Manager}},
DAY        = {{22}},
MONTH     = {{11}},
YEAR       = {2019},
URL        = {https://www.open-mpi.org/faq/?category=tuning#paffinity-defs}
}
@misc{impi-binding,
AUTHOR     = {{Intel Corporation }},
TITLE      = {{Process Pinning}},
DAY        = {{28}},
MONTH     = {{6}},
YEAR       = {2021},
URL        = {https://software.intel.com/content/www/us/en/develop/documentation/mpi-developer-reference-linux/top/environment-variable-reference/process-pinning.html}
}
@misc{mpi-nonfs,
AUTHOR     = {{SlothParadise}},
TITLE      = {{How to use MPI without NFS}},
DAY        = {{4}},
MONTH     = {{7}},
YEAR       = {2016},
URL        = {https://www.slothparadise.com/use-mpi-without-nfs/}
}
@misc{glusterfs,
AUTHOR     = {{Red Hat, Inc}},
TITLE      = {{GLUSTER}},
DAY        = {{27}},
MONTH     = {{7}},
YEAR       = {2021},
URL        = {https://www.gluster.org/}
}
@misc{lustre,
AUTHOR     = {{OpenSFS and EOFS}},
TITLE      = {{Lustre}},
DAY        = {{27}},
MONTH     = {{7}},
YEAR       = {2021},
URL        = {https://www.lustre.org/}
}
@misc{nfs-tutorial,
AUTHOR     = {{Red Hat Customer Portal}},
TITLE      = {{RHEL 8 Managing File Systems, CHAPTER 4. EXPORTING NFS SHARES}},
DAY        = {{27}},
MONTH     = {{7}},
YEAR       = {2021},
URL        = {https://access.redhat.com/documentation/en-us/red_hat_enterprise_linux/8/html/managing_file_systems/exporting-nfs-shares_managing-file-systems#configuring-an-nfsv4-only-server_exporting-nfs-shares}
}
@misc{nfs-3vs4,
AUTHOR     = {{Red Hat}},
TITLE      = {{Reasons to Migrate from NFS v3 to v4/ v4.1}},
YEAR       = {2018},
URL        = {https://archive.fosdem.org/2018/schedule/event/nfs3_to_nfs4/attachments/slides/2702/export/events/attachments/nfs3_to_nfs4/slides/2702/FOSDEM_Presentation_Final_pdf.pdf}
}

@misc{top500,
	AUTHOR     = {{Hans Meuer, Erich Strohmaier, Jack Dongarra, Horst Simon, Martin Meuer}},
	TITLE      = {{Top 500 JUNE 2021}},
	MONTH      = {07},
	YEAR       = {2021},
	URL        = {https://top500.org/lists/top500/2021/06/}
}

@misc{top500-efficiency,
AUTHOR     = {{Hans Meuer, Erich Strohmaier, Jack Dongarra, Horst Simon, Martin Meuer}},
TITLE      = {{Top 500 Statistics EFFICIENCY}},
MONTH      = {07},
YEAR       = {2021},
URL        = {https://top500.org/statistics/efficiency-power-cores/}
}
@misc{intel-improvecluster,
AUTHOR     = {{Intel Corporation}},
TITLE      = {{Improving Performance of Your Cluster}},
DAY        = {28},
MONTH      = {6},
YEAR       = {2021},
URL        = {https://software.intel.com/content/www/us/en/develop/documentation/onemkl-linux-developer-guide/top/intel-oneapi-math-kernel-library-benchmarks/intel-distribution-for-linpack-benchmark/improving-performance-of-your-cluster.html}
}
@misc{intel-hplversion,
AUTHOR     = {{Intel Corporation}},
TITLE      = {{Overview of the Intel® Distribution for LINPACK* Benchmark}},
DAY        = {28},
MONTH      = {6},
YEAR       = {2021},
URL        = {https://software.intel.com/content/www/us/en/develop/documentation/onemkl-linux-developer-guide/top/intel-oneapi-math-kernel-library-benchmarks/intel-distribution-for-linpack-benchmark/overview-of-the-intel-distribution-for-linpack-benchmark.html}
}
@misc{intel-mkl-blas,
AUTHOR     = {{Intel Corporation}},
TITLE      = {{BLAS and Sparse BLAS Routines}},
DAY        = {28},
MONTH      = {6},
YEAR       = {2021},
URL        = {https://software.intel.com/content/www/us/en/develop/documentation/onemkl-developer-reference-c/top/blas-and-sparse-blas-routines.html}
}
@misc{i-mpi,
AUTHOR     = {{Intel}},
TITLE      = {{Intel(R) MPI Library Developer Reference for Linux* OS}},
DAY        = {{28}},
MONTH     = {{6}},
YEAR       = {2021},
URL        = {https://software.intel.com/content/www/us/en/develop/documentation/mpi-developer-reference-linux/top.html}
}
@misc{i-mpi-tune,
AUTHOR     = {{Intel}},
TITLE      = {{Tuning the Intel® MPI Library: Basic Techniques}},
DAY        = {{22}},
MONTH     = {{1}},
YEAR       = {2018},
URL        = {https://software.intel.com/content/www/us/en/develop/articles/tuning-the-intel-mpi-library-basic-techniques.html}
}
@misc{i-mpi-tune-adv,
AUTHOR     = {{Intel}},
TITLE      = {{Tuning the Intel® MPI Library: Advanced Techniques}},
DAY        = {{29}},
MONTH     = {{1}},
YEAR       = {2018},
URL        = {https://software.intel.com/content/www/us/en/develop/articles/tuning-the-intel-mpi-library-advanced-techniques.html}
}
@BOOK{asc-guide,
	TITLE = {The Student Supercomputer Challenge Guide},
	SUBTITLE = {From Supercomputing Competition to the Next HPC Generation},
	AUTHOR = {Community, ASC},
	YEAR = {2018},
	PUBLISHER = {Science Press Beijing},
}

@BOOK{HPC-STERLING,
	TITLE = {High performance computing},
	SUBTITLE = {Modern systems and practices},
	AUTHOR = {Sterling, Thomas and Anderson, Matthew  and Brodowicz, Maciej},
	YEAR = {2018},
	PUBLISHER = {Cambridge Morgan Kaufmann 2018},
}
@article{VGG-DBLP:journals/corr/SimonyanZ14a,
  author    = {Karen Simonyan and
               Andrew Zisserman},
  title     = {Very Deep Convolutional Networks for Large-Scale Image Recognition},
  journal   = {CoRR},
  volume    = {abs/1409.1556},
  year      = {2014},
  url       = {http://arxiv.org/abs/1409.1556},
  archivePrefix = {arXiv},
  eprint    = {1409.1556},
  timestamp = {Mon, 13 Aug 2018 16:46:51 +0200},
  biburl    = {https://dblp.org/rec/bib/journals/corr/SimonyanZ14a},
  bibsource = {dblp computer science bibliography, https://dblp.org}
}

}

@BOOK{studentasc,
	TITLE = {The Student Supercomputer Challenge Guide},
	AUTHOR = {ASC Community},
	YEAR = {2018},
	PUBLISHER = {Springer},
	DOI = {10.1007/978-981-10-3731-3},
}

@software{gcc,
  author = {GNUTools},
  title = {GCC, the GNU Compiler Collection},
  url = {https://gcc.gnu.org/},
  version = {8.4.1}
}

@ARTICLE{Meta-Volante-0,
  author    = {Vincent Arcila and
               Santiago Alzate},
  title     = {Meta volante \#0 - La mejor metodología para el peor resultado},
  year      = {2021},
  url       = {https://www.dropbox.com/sh/ytssledzoxkq2n0/AAC2tZ__k2RU_nY50aqsgjeza/Documentos\%20de\%20clase/04.\%20Ejemplo\%20de\%20documentaci\%C3\%B3n\%20-\%20Meta\%20volante\%20\%230?dl=0&preview=00.+Documentaci\%C3\%B3n+-+Meta+volante+\%230+-+La+mejor+metodolog\%C4\%B1\%CC\%81a+para+el+peor+resultado.pdf&subfolder_nav_tracking=1}
}

@misc{crontab,
AUTHOR     = {Guru99},
TITLE      = {Crontab in Linux: Job Scheduling EXAMPLES},
YEAR       = {2021},
URL        = {https://www.guru99.com/crontab-in-linux-with-examples.html}
}

@misc{biding-pinning,
AUTHOR     = {HPCwiki},
TITLE      = {Binding/Pinning},
YEAR       = {2021},
URL        = {https://hpc-wiki.info/hpc/Binding/Pinning#RemoteMemoryAccess}
}

@article{jones2019quest,
  title={QuEST and high performance simulation of quantum computers},
  author={Jones, Tyson and Brown, Anna and Bush, Ian and Benjamin, Simon C},
  journal={Scientific reports},
  volume={9},
  number={1},
  pages={1--11},
  year={2019},
  publisher={Nature Publishing Group}
}

@article{meta2,
  title={Meta volante \#2},
  author={Jhon Chavarria, Santiago Alzate and Aurelio Vivas},
  year={2021},
  publisher={Dropbox HPC EAFIT 2021-2}
}
